@misc{matlab_naiveBayes,
	author = "The MathWorks Inc.",
	title = "Naive Bayes Classification",
	month = "October",
	year = "2017",
	url = "https://fr.mathworks.com/help/stats/naive-bayes-classification.html"
}
@misc{wolfram_BayesTheorem,
	author = "Weisstein, Eric W.",
	title = "Bayes' Theorem.",
	month = "October",
	year = "2017",
	url = "http://mathworld.wolfram.com/BayesTheorem.html "
}
@article{scikit-learn,
	title={Scikit-learn: Machine Learning in {P}ython},
	author={Pedregosa, F. and Varoquaux, G. and Gramfort, A. and Michel, V.
	and Thirion, B. and Grisel, O. and Blondel, M. and Prettenhofer, P.
	and Weiss, R. and Dubourg, V. and Vanderplas, J. and Passos, A. and
	Cournapeau, D. and Brucher, M. and Perrot, M. and Duchesnay, E.},
	journal={Journal of Machine Learning Research},
	volume={12},
	pages={2825--2830},
	year={2011}
}