@techreport{classification,
    author    = " Guestrin, Carlos and Fox, Emily",
    title     = "Machine Learning: Classification",
    institution = "University of Washington"
    %howpublished = "",
    year     = "2016",
    %month    = "",
    %note     = "",
}